<record><leader>00000cas a22000007a 4500</leader><controlfield tag="001">12033595</controlfield><controlfield tag="008">850514d18621870nyuwr ne      0    0eng d</controlfield><datafield ind1=" " ind2=" " tag="010"><subfield code="a">sn 85054480 </subfield></datafield><datafield ind1=" " ind2=" " tag="040"><subfield code="a">NYG</subfield><subfield code="b">eng</subfield><subfield code="c">NYG</subfield><subfield code="d">NYS</subfield><subfield code="d">OCL</subfield><subfield code="d">OCLCQ</subfield></datafield><datafield ind1=" " ind2=" " tag="042"><subfield code="a">msc</subfield></datafield><datafield ind1=" " ind2=" " tag="043"><subfield code="a">n-us-ny</subfield></datafield><datafield ind1="0" ind2=" " tag="130"><subfield code="a">Angelica reporter (Angelica, N.Y. : 1862)</subfield></datafield><datafield ind1="1" ind2="0" tag="245"><subfield code="a">Angelica reporter.</subfield></datafield><datafield ind1=" " ind2=" " tag="260"><subfield code="a">Angelica, N.Y. :</subfield><subfield code="b">Charles Horton</subfield></datafield><datafield ind1=" " ind2=" " tag="300"><subfield code="a">v.</subfield></datafield><datafield ind1=" " ind2=" " tag="310"><subfield code="a">Weekly</subfield></datafield><datafield ind1="1" ind2=" " tag="362"><subfield code="a">Began in 1862; ceased in 1870.</subfield><subfield code="z">Cf. Faibisoff &amp; Tripp, A bibl. of newspapers, 1978.</subfield></datafield><datafield ind1=" " ind2=" " tag="500"><subfield code="a">"The world is governed too much."</subfield></datafield><datafield ind1=" " ind2=" " tag="530"><subfield code="a">Available on microfilm from Micro Photo Division, Bell &amp; Howell.</subfield></datafield><datafield ind1=" " ind2=" " tag="588"><subfield code="a">Description based on: Vol. 25, no. 50 (May 27, 1862) = Whole no. 1297.</subfield></datafield><datafield ind1=" " ind2="0" tag="651"><subfield code="a">Angelica (N.Y.)</subfield><subfield code="v">Newspapers.</subfield></datafield><datafield ind1=" " ind2=" " tag="752"><subfield code="a">United States</subfield><subfield code="b">New York</subfield><subfield code="c">Allegany</subfield><subfield code="d">Angelica.</subfield></datafield><datafield ind1="0" ind2="0" tag="780"><subfield code="t">Angelica reporter and Allegany republican</subfield><subfield code="w">(DLC)sn 85054479</subfield></datafield><datafield ind1="0" ind2="0" tag="785"><subfield code="t">Allegany reporter</subfield><subfield code="w">(DLC)sn 84031328</subfield></datafield><datafield ind1="1" ind2=" " tag="029"><subfield code="a">AU@</subfield><subfield code="b">000020235553</subfield></datafield></record>